@book{bishop,
	AUTHOR = {C.M. Bishop},
	TITLE = {Pattern Recognition and Machine Learning},
	PUBLISHER = {Springer},
	%ADDRESS = {Chicago},
	YEAR  = {2006},
	%EDITION = {16th}
}

@inproceedings{foster2019complexity,
  title={The complexity of making the gradient small in stochastic convex optimization},
  author={Foster, Dylan J and Sekhari, Ayush and Shamir, Ohad and Srebro, Nathan and Sridharan, Karthik and Woodworth, Blake},
  booktitle={Conference on Learning Theory},
  pages={1319--1345},
  year={2019},
  organization={PMLR}
}

@inproceedings{zhang2020complexity,
  title={Complexity of finding stationary points of nonconvex nonsmooth functions},
  author={Zhang, Jingzhao and Lin, Hongzhou and Jegelka, Stefanie and Sra, Suvrit and Jadbabaie, Ali},
  booktitle={International Conference on Machine Learning},
  pages={11173--11182},
  year={2020},
  organization={PMLR}
}

@book{chembook,
	AUTHOR = {T.F. Edgar and D.M. Himmelblau},
	TITLE = {Optimization of Chemical Processes},
	PUBLISHER = {McGraw Hill},
	%ADDRESS = {Chicago},
	YEAR  = {1988},
	%EDITION = {16th}
}

@book{globook,
	AUTHOR = {R. Horst and H. Tuy},
	TITLE = {Global Optimization: Deterministic Approaches},
	PUBLISHER = {Springer-Verlag},
	%ADDRESS = {Chicago},
	YEAR  = {1996},
	%EDITION = {16th}
}

@book{sorbook,
	AUTHOR = {R.I. Soare},
	TITLE = {Turing Computability: Theory and Applications},
	PUBLISHER = {Springer-Verlag},
	%ADDRESS = {Chicago},
	YEAR  = {2016},
	%EDITION = {16th}
}

@book{nest,
	AUTHOR = {Y. Nesterov},
	TITLE = {Introductory Lectures on Convex Optimization A Basic Course},
	PUBLISHER = { Kluwer Academic Publishers},
	%ADDRESS = {Chicago},
	YEAR  = {2003},
	%EDITION = {16th}
}

@book{pour,
	AUTHOR = {M. Pour-El and J. Richards},
	TITLE = {Computability in analysis and physics},
	PUBLISHER = {Springer},
	ADDRESS = { Heidelberg},
	YEAR  = {1989},
	%EDITION = {16th}
}
